@article{baldwin2015shared,
	title={Shared tasks of the 2015 workshop on noisy user-generated text: Twitter lexical normalization and named entity recognition},
	author={Baldwin, Timothy and Kim, Young-Bum and De Marneffe, Marie Catherine and Ritter, Alan and Han, Bo and Xu, Wei},
	journal={ACL-IJCNLP},
	volume={126},
	pages={2015},
	year={2015}
}
@inproceedings{DBLP:conf/acl/ZhangHPLLJKWSHY15,
	author    = {Boliang Zhang and
	Hongzhao Huang and
	Xiaoman Pan and
	Sujian Li and
	Chin{-}Yew Lin and
	Heng Ji and
	Kevin Knight and
	Zhen Wen and
	Yizhou Sun and
	Jiawei Han and
	B{\"{u}}lent Yener},
	title     = {Context-aware Entity Morph Decoding},
	booktitle = {Proceedings of the 53rd Annual Meeting of the Association for Computational
	Linguistics and the 7th International Joint Conference on Natural
	Language Processing of the Asian Federation of Natural Language Processing,
	{ACL} 2015, July 26-31, 2015, Beijing, China, Volume 1: Long Papers},
	pages     = {586--595},
	year      = {2015},
	crossref  = {DBLP:conf/acl/2015-1},
	url       = {http://aclweb.org/anthology/P/P15/P15-1057.pdf},
	timestamp = {Mon, 05 Jun 2017 13:20:21 +0200},
	biburl    = {http://dblp.uni-trier.de/rec/bib/conf/acl/ZhangHPLLJKWSHY15},
	bibsource = {dblp computer science bibliography, http://dblp.org}
}

@article{derczynski2015analysis,
	title={Analysis of named entity recognition and linking for tweets},
	author={Derczynski, Leon and Maynard, Diana and Rizzo, Giuseppe and van Erp, Marieke and Gorrell, Genevieve and Troncy, Rapha{\"e}l and Petrak, Johann and Bontcheva, Kalina},
	journal={Information Processing \& Management},
	volume={51},
	number={2},
	pages={32--49},
	year={2015},
	publisher={Elsevier}
}

@article{augenstein2017generalisation,
	title={Generalisation in named entity recognition: A quantitative analysis},
	author={Augenstein, Isabelle and Derczynski, Leon and Bontcheva, Kalina},
	journal={Computer Speech \& Language},
	volume={44},
	pages={61--83},
	year={2017},
	publisher={Elsevier}
}